@misc{
rob_j_hyndman_2014, 
title={Fast computation of cross-validation in linear models},
url={https://robjhyndman.com/hyndsight/loocv-linear-models/}, 
author={Rob J Hyndman}, year={2014}, month={Mar}
}

@book{marsden1993elementary,
  title={Elementary Classical Analysis},
  author={Marsden, J.E. and Hoffman, M.J. and Hoffman, U.M.J.},
  isbn={9780716721055},
  lccn={92041432},
  url={https://books.google.com/books?id=mMBY5jdjGfoC},
  year={1993},
  publisher={W. H. Freeman}
}


@book{hastie01statisticallearning,
  added-at = {2008-05-16T16:17:42.000+0200},
  address = {New York, NY, USA},
  author = {Hastie, Trevor and Tibshirani, Robert and Friedman, Jerome},
  biburl = {https://www.bibsonomy.org/bibtex/2f58afc5c9793fcc8ad8389824e57984c/sb3000},
  interhash = {d585aea274f2b9b228fc1629bc273644},
  intrahash = {f58afc5c9793fcc8ad8389824e57984c},
  keywords = {ml statistics},
  publisher = {Springer New York Inc.},
  series = {Springer Series in Statistics},
  timestamp = {2008-05-16T16:17:43.000+0200},
  title = {The Elements of Statistical Learning},
  year = 2001
}

@book{degroot2013probability,
  title={Probability and statistics},
  author={DeGroot, M.H. and Schervish, M.J.},
  isbn={9781292025049},
  series={Pearson custom library},
  url={https://books.google.com/books?id=hIPkngEACAAJ},
  year={2013},
  publisher={Pearson Education}
}
